%%%%%%%%%% HEPQIS Papers %%%%%%%%%%

##### 2022 July #####
@article{Gustafson:2022xwt,
    author = {Gustafson, G\"osta and Prestel, Stefan and Spannowsky, Michael and Williams, Simon},
    title = "{Collider Events on a Quantum Computer}",
    eprint = "2207.10694",
    archivePrefix = "arXiv",
    primaryClass = "hep-ph",
    month = "7",
    year = "2022"
}

##### 2022 June #####
@article{Alvi:2022fkk,
    author = "Alvi, Sulaiman and Bauer, Christian and Nachman, Benjamin",
    title = "{Quantum Anomaly Detection for Collider Physics}",
    eprint = "2206.08391",
    archivePrefix = "arXiv",
    primaryClass = "hep-ph",
    month = "6",
    year = "2022"
}

##### 2022 May #####
@article{Anschuetz:2022rwu,
    author = "Anschuetz, Eric R. and Funcke, Lena and Komiske, Patrick T. and Kryhin, Serhii and Thaler, Jesse",
    title = "{Degeneracy Engineering for Classical and Quantum Annealing: A Case Study of Sparse Linear Regression in Collider Physics}",
    eprint = "2205.10375",
    archivePrefix = "arXiv",
    primaryClass = "quant-ph",
    reportNumber = "MIT-CTP 5137",
    month = "5",
    year = "2022"
}

@article{Delgado:2022snu,
    author = "Delgado, Andrea and Thaler, Jesse",
    title = "{Quantum Annealing for Jet Clustering with Thrust}",
    eprint = "2205.02814",
    archivePrefix = "arXiv",
    primaryClass = "quant-ph",
    reportNumber = "MIT-CTP 5428",
    month = "5",
    year = "2022"
}

@inproceedings{Chang:2022dxc,
    author = "Chang, Su Yeon and Agnew, Edwin and Combarro, El\'\i{}as F. and Grossi, Michele and Herbert, Steven and Vallecorsa, Sofia",
    title = "{Running the Dual-PQC GAN on noisy simulators and real quantum hardware}",
    booktitle = "{20th International Workshop on Advanced Computing and Analysis Techniques in Physics Research}: {AI Decoded - Towards Sustainable, Diverse, Performant and Effective Scientific Computing}",
    eprint = "2205.15003",
    archivePrefix = "arXiv",
    primaryClass = "quant-ph",
    month = "5",
    year = "2022"
}

##### 2022 April #####
@article{Bauer:2022hpo,
    author = "Bauer, Christian W. and others",
    title = "{Quantum Simulation for High Energy Physics}",
    eprint = "2204.03381",
    archivePrefix = "arXiv",
    primaryClass = "quant-ph",
    reportNumber = "UMD-PP-022-04, LA-UR-22-22100, RIKEN-iTHEMS-Report-22, IQuS@UW-21-027, MITRE-21-03848-2, FERMILAB-PUB-22-249-SQMS-T",
    month = "4",
    year = "2022"
}

##### 2022 March #####
@article{Delgado:2022aty,
    author = "Delgado, Andrea and Hamilton, Kathleen E.",
    title = "{Unsupervised Quantum Circuit Learning in High Energy Physics}",
    eprint = "2203.03578",
    archivePrefix = "arXiv",
    primaryClass = "quant-ph",
    month = "3",
    year = "2022"
}

@inproceedings{Delgado:2022tpc,
    author = "Delgado, Andrea and others",
    title = "{Quantum Computing for Data Analysis in High-Energy Physics}",
    booktitle = "{2022 Snowmass Summer Study}",
    eprint = "2203.08805",
    archivePrefix = "arXiv",
    primaryClass = "physics.data-an",
    month = "3",
    year = "2022"
}

@inproceedings{Humble:2022vtm,
    author = "Humble, Travis S. and others",
    title = "{Snowmass White Paper: Quantum Computing Systems and Software for High-energy Physics Research}",
    booktitle = "{2022 Snowmass Summer Study}",
    eprint = "2203.07091",
    archivePrefix = "arXiv",
    primaryClass = "quant-ph",
    month = "3",
    year = "2022"
}

##### 2022 February #####
@article{Gianelle:2022unu,
    author = "Gianelle, Alessio and Koppenburg, Patrick and Lucchesi, Donatella and Nicotra, Davide and Rodrigues, Eduardo and Sestini, Lorenzo and de Vries, Jacco and Zuliani, Davide",
    title = "{Quantum Machine Learning for $b$-jet identification}",
    eprint = "2202.13943",
    archivePrefix = "arXiv",
    primaryClass = "hep-ex",
    month = "2",
    year = "2022"
}

@article{Abel:2022lqr,
    author = "Abel, Steve and Criado, Juan C. and Spannowsky, Michael",
    title = "{Completely Quantum Neural Networks}",
    eprint = "2202.11727",
    archivePrefix = "arXiv",
    primaryClass = "quant-ph",
    month = "2",
    year = "2022"
}

@article{Araz:2022haf,
    author = "Araz, Jack Y. and Spannowsky, Michael",
    title = "{Classical versus Quantum: comparing Tensor Network-based Quantum Circuits on LHC data}",
    eprint = "2202.10471",
    archivePrefix = "arXiv",
    primaryClass = "quant-ph",
    reportNumber = "IPPP/22/06",
    month = "2",
    year = "2022"
}

@article{Wu:2022tnc,
    author = "Wu, Sau Lan and others",
    title = "{Application of Quantum Machine Learning to High Energy Physics Analysis at LHC Using Quantum Computer Simulators and Quantum Computer Hardware}",
    reportNumber = "FERMILAB-CONF-22-331-DI-QIS",
    doi = "10.22323/1.398.0842",
    journal = "PoS",
    volume = "EPS-HEP2021",
    pages = "842",
    year = "2022"
}

##### 2022 January #####
@article{Agliardi:2022ghn,
    author = "Agliardi, Gabriele and Grossi, Michele and Pellen, Mathieu and Prati, Enrico",
    title = "{Quantum integration of elementary particle processes}",
    eprint = "2201.01547",
    archivePrefix = "arXiv",
    primaryClass = "hep-ph",
    reportNumber = "FR-PHENO-2022-01",
    doi = "10.1016/j.physletb.2022.137228",
    journal = "Phys. Lett. B",
    volume = "832",
    pages = "137228",
    year = "2022"
}
##### 2021 December #####
@article{Ngairangbam:2021yma,
    author = "Ngairangbam, Vishal S. and Spannowsky, Michael and Takeuchi, Michihisa",
    title = "{Anomaly detection in high-energy physics using a quantum autoencoder}",
    eprint = "2112.04958",
    archivePrefix = "arXiv",
    primaryClass = "hep-ph",
    reportNumber = "OU-HET-1125, IPPP/21/54",
    doi = "10.1103/PhysRevD.105.095004",
    journal = "Phys. Rev. D",
    volume = "105",
    number = "9",
    pages = "095004",
    year = "2022"
}

##### 2021 November #####
@article{Zlokapa:2019tkn,
    author = "Zlokapa, Alexander and Anand, Abhishek and Vlimant, Jean-Roch and Duarte, Javier M. and Job, Joshua and Lidar, Daniel and Spiropulu, Maria",
    title = "{Charged particle tracking with quantum annealing-inspired optimization}",
    eprint = "1908.04475",
    archivePrefix = "arXiv",
    primaryClass = "quant-ph",
    reportNumber = "FERMILAB-PUB-19-670-PPD",
    doi = "10.1007/s42484-021-00054-w",
    journal = "Quantum Machine Intelligence",
    volume = "3",
    pages = "27",
    year = "2021"
}

@article{AlexiadesArmenakas:2021lrs,
    author = "Alexiades Armenakas, Anthony and Baker, Oliver K.",
    title = "{Implementation and analysis of quantum computing application to Higgs boson reconstruction at the large Hadron Collider}",
    doi = "10.1038/s41598-021-01552-4",
    journal = "Sci. Rep.",
    volume = "11",
    number = "1",
    pages = "22850",
    year = "2021"
}

@article{Kim:2021wrr,
    author = "Kim, Minho and Ko, Pyungwon and Park, Jae-hyeon and Park, Myeonghun",
    title = "{Leveraging Quantum Annealer to identify an Event-topology at High Energy Colliders}",
    eprint = "2111.07806",
    archivePrefix = "arXiv",
    primaryClass = "hep-ph",
    reportNumber = "KIAS--P21050",
    month = "11",
    year = "2021"
}

@article{Carena:2021ltu,
    author = "Carena, Marcela and Lamm, Henry and Li, Ying-Ying and Liu, Wanqiang",
    title = "{Lattice renormalization of quantum simulations}",
    eprint = "2107.01166",
    archivePrefix = "arXiv",
    primaryClass = "hep-lat",
    reportNumber = "FERMILAB-PUB-21-222-T",
    doi = "10.1103/PhysRevD.104.094519",
    journal = "Phys. Rev. D",
    volume = "104",
    number = "9",
    pages = "094519",
    year = "2021"
}

##### 2021 October #####
@article{Wu:2020cye,
    author = "Wu, Sau Lan and others",
    title = "{Application of quantum machine learning using the quantum variational classifier method to high energy physics analysis at the LHC on IBM quantum computer simulator and hardware with 10 qubits}",
    eprint = "2012.11560",
    archivePrefix = "arXiv",
    primaryClass = "quant-ph",
    reportNumber = "FERMILAB-PUB-20-675-DI-QIS",
    doi = "10.1088/1361-6471/ac1391",
    journal = "J. Phys. G",
    volume = "48",
    number = "12",
    pages = "125003",
    year = "2021"
}

@article{Bravo-Prieto:2021ehz,
    author = "Bravo-Prieto, Carlos and Baglio, Julien and C\`e, Marco and Francis, Anthony and Grabowska, Dorota M. and Carrazza, Stefano",
    title = "{Style-based quantum generative adversarial networks for Monte Carlo events}",
    eprint = "2110.06933",
    archivePrefix = "arXiv",
    primaryClass = "quant-ph",
    reportNumber = "CERN-TH-2021-139, TIF-UNIMI-2021-14",
    month = "10",
    year = "2021"
}

##### 2021 September #####
@article{Wu:2021xsj,
    author = "Wu, Sau Lan and others",
    title = "{Application of quantum machine learning using the quantum kernel algorithm on high energy physics analysis at the LHC}",
    eprint = "2104.05059",
    archivePrefix = "arXiv",
    primaryClass = "quant-ph",
    reportNumber = "FERMILAB-PUB-21-552-DI-QIS",
    doi = "10.1103/PhysRevResearch.3.033221",
    journal = "Phys. Rev. Res.",
    volume = "3",
    number = "3",
    pages = "033221",
    year = "2021"
}

@article{Tuysuz:2021oai,
    author = {T\"uys\"uz, Cenk and Rieger, Carla and Novotny, Kristiane and Demirk\"oz, Bilge and Dobos, Daniel and Potamianos, Karolos and Vallecorsa, Sofia and Vlimant, Jean-Roch and Forster, Richard},
    title = "{Hybrid Quantum Classical Graph Neural Networks for Particle Track Reconstruction}",
    eprint = "2109.12636",
    archivePrefix = "arXiv",
    primaryClass = "quant-ph",
    doi = "10.1007/s42484-021-00055-9",
    journal = "Quantum Machine Intelligence",
    volume = "3",
    pages = "29",
    year = "2021"
}

##### 2021 June #####
@article{Araz:2021zwu,
    author = "Araz, Jack Y. and Spannowsky, Michael",
    title = "{Quantum-inspired event reconstruction with Tensor Networks: Matrix Product States}",
    eprint = "2106.08334",
    archivePrefix = "arXiv",
    primaryClass = "hep-ph",
    reportNumber = "IPPP/20/114",
    doi = "10.1007/JHEP08(2021)112",
    journal = "JHEP",
    volume = "08",
    pages = "112",
    year = "2021"
}

##### 2021 May #####
@article{Bargassa:2021jmk,
    author = "Bargassa, Pedrame and Cabos, Timoth\'ee and Cavinato, Samuele and Cordeiro Oudot Choi, Artur and Hessel, Timoth\'ee",
    title = "{Quantum algorithm for the classification of supersymmetric top quark events}",
    eprint = "2106.00051",
    archivePrefix = "arXiv",
    primaryClass = "quant-ph",
    doi = "10.1103/PhysRevD.104.096004",
    journal = "Phys. Rev. D",
    volume = "104",
    number = "9",
    pages = "096004",
    year = "2021"
}

##### 2021 April #####
@article{Belis:2021zqi,
    author = {Belis, Vasileios and Gonz\'alez-Castillo, Samuel and Reissel, Christina and Vallecorsa, Sofia and Combarro, El\'\i{}as F. and Dissertori, G\"unther and Reiter, Florentin},
    title = "{Higgs analysis with quantum classifiers}",
    eprint = "2104.07692",
    archivePrefix = "arXiv",
    primaryClass = "quant-ph",
    doi = "10.1051/epjconf/202125103070",
    journal = "EPJ Web Conf.",
    volume = "251",
    pages = "03070",
    year = "2021"
}

@article{Bauer:2021gup,
    author = "Bauer, Christian W. and Freytsis, Marat and Nachman, Benjamin",
    title = "{Simulating Collider Physics on Quantum Computers Using Effective Field Theories}",
    eprint = "2102.05044",
    archivePrefix = "arXiv",
    primaryClass = "hep-ph",
    doi = "10.1103/PhysRevLett.127.212001",
    journal = "Phys. Rev. Lett.",
    volume = "127",
    number = "21",
    pages = "212001",
    year = "2021"
}

@article{Magano:2021jzd,
    author = "Magano, Duarte and others",
    title = "{Quantum speedup for track reconstruction in particle accelerators}",
    eprint = "2104.11583",
    archivePrefix = "arXiv",
    primaryClass = "quant-ph",
    doi = "10.1103/PhysRevD.105.076012",
    journal = "Phys. Rev. D",
    volume = "105",
    number = "7",
    pages = "076012",
    year = "2022"
}

##### 2021 March #####
@article{Blance:2020ktp,
    author = "Blance, Andrew and Spannowsky, Michael",
    title = "{Unsupervised event classification with graphs on classical and photonic quantum computers}",
    eprint = "2103.03897",
    archivePrefix = "arXiv",
    primaryClass = "hep-ph",
    doi = "10.1007/JHEP08(2021)170",
    journal = "JHEP",
    volume = "21",
    pages = "170",
    year = "2020"
}

@article{Chang:2021ufg,
    author = "Chang, Su Yeon and Herbert, Steven and Vallecorsa, Sofia and Combarro, El\'\i{}as F. and Duncan, Ross",
    title = "{Dual-Parameterized Quantum Circuit GAN Model in High Energy Physics}",
    eprint = "2103.15470",
    archivePrefix = "arXiv",
    primaryClass = "quant-ph",
    doi = "10.1051/epjconf/202125103050",
    journal = "EPJ Web Conf.",
    volume = "251",
    pages = "03050",
    year = "2021"
}

@article{Heredge:2021vww,
    author = "Heredge, Jamie and Hill, Charles and Hollenberg, Lloyd and Sevior, Martin",
    title = "{Quantum Support Vector Machines for Continuum Suppression in B Meson Decays}",
    eprint = "2103.12257",
    archivePrefix = "arXiv",
    primaryClass = "quant-ph",
    doi = "10.1007/s41781-021-00075-x",
    journal = "Comput. Softw. Big Sci.",
    volume = "5",
    number = "1",
    pages = "27",
    year = "2021"
}

##### 2021 February #####
@article{Atas:2021ext,
    author = "Atas, Yasar Y. and Zhang, Jinglei and Lewis, Randy and Jahanpour, Amin and Haase, Jan F. and Muschik, Christine A.",
    title = "{SU(2) hadrons on a quantum computer via a variational approach}",
    eprint = "2102.08920",
    archivePrefix = "arXiv",
    primaryClass = "quant-ph",
    doi = "10.1038/s41467-021-26825-4",
    journal = "Nature Commun.",
    volume = "12",
    number = "1",
    pages = "6499",
    year = "2021"
}
##### 2021 January #####
@article{Chen:2021ouz,
    author = "Chen, Samuel Yen-Chi and Wei, Tzu-Chieh and Zhang, Chao and Yu, Haiwang and Yoo, Shinjae",
    title = "{Hybrid Quantum-Classical Graph Convolutional Network}",
    eprint = "2101.06189",
    archivePrefix = "arXiv",
    primaryClass = "cs.LG",
    month = "1",
    year = "2021"
}

@article{Chang:2021jne,
    author = "Chang, Su Yeon and Vallecorsa, Sofia and Combarro, El\'\i{}as F. and Carminati, Federico",
    title = "{Quantum Generative Adversarial Networks in a Continuous-Variable Architecture to Simulate High Energy Physics Detectors}",
    eprint = "2101.11132",
    archivePrefix = "arXiv",
    primaryClass = "quant-ph",
    month = "1",
    year = "2021"
}

@article{Pires:2021fka,
    author = "Pires, Diogo and Bargassa, Pedrame and Seixas, Jo\~ao and Omar, Yasser",
    title = "{A Digital Quantum Algorithm for Jet Clustering in High-Energy Physics}",
    eprint = "2101.05618",
    archivePrefix = "arXiv",
    primaryClass = "physics.data-an",
    month = "1",
    year = "2021"
}

##### 2020 December #####
@article{Chen:2020zkj,
    author = "Chen, Samuel Yen-Chi and Wei, Tzu-Chieh and Zhang, Chao and Yu, Haiwang and Yoo, Shinjae",
    title = "{Quantum convolutional neural networks for high energy physics data analysis}",
    eprint = "2012.12177",
    archivePrefix = "arXiv",
    primaryClass = "cs.LG",
    doi = "10.1103/PhysRevResearch.4.013231",
    journal = "Phys. Rev. Res.",
    volume = "4",
    number = "1",
    pages = "013231",
    year = "2022"
}

@article{Pires:2020urc,
    author = "Pires, Diogo and Omar, Yasser and Seixas, Jo\~ao",
    title = "{Adiabatic Quantum Algorithm for Multijet Clustering in High Energy Physics}",
    eprint = "2012.14514",
    archivePrefix = "arXiv",
    primaryClass = "hep-ex",
    month = "12",
    year = "2020"
}

##### 2020 November #####
@article{Quiroz:2020jmp,
    author = "Quiroz, Gregory and Ice, Lauren and Delgado, Andrea and Humble, Travis S.",
    title = "{Particle track classification using quantum associative memory}",
    eprint = "2011.11848",
    archivePrefix = "arXiv",
    primaryClass = "quant-ph",
    doi = "10.1016/j.nima.2021.165557",
    journal = "Nucl. Instrum. Meth. A",
    volume = "1010",
    pages = "165557",
    year = "2021"
}

##### 2020 October #####
@article{Blance:2020nhl,
    author = "Blance, Andrew and Spannowsky, Michael",
    title = "{Quantum Machine Learning for Particle Physics using a Variational Quantum Classifier}",
    eprint = "2010.07335",
      doi="10.1007/JHEP02(2021)212",
    archivePrefix = "arXiv",
    primaryClass = "hep-ph",
    reportNumber = "IPPP/20/48",
    month = "10",
    year = "2020"
}

@article{Armenakas:2020ymp,
    author = "Armenakas, Anthony E. and Baker, Oliver K.",
    title = "{Application of a Quantum Search Algorithm to High- Energy Physics Data at the Large Hadron Collider}",
    eprint = "2010.00649",
    archivePrefix = "arXiv",
    primaryClass = "quant-ph",
    month = "10",
    year = "2020"
}

##### 2020 May #####
@article{Guan:2020bdl,
    author = "Guan, Wen and Perdue, Gabriel and Pesah, Arthur and Schuld, Maria and Terashi, Koji and Vallecorsa, Sofia and Vlimant, Jean-Roch",
    title = "{Quantum Machine Learning in High Energy Physics}",
    eprint = "2005.08582",
    archivePrefix = "arXiv",
    primaryClass = "quant-ph",
    doi = "10.1088/2632-2153/abc17d",
    month = "5",
    year = "2020"
}

##### 2020 April #####
@article{Terashi:2020wfi,
    author = "Terashi, Koji and Kaneda, Michiru and Kishimoto, Tomoe and Saito, Masahiko and Sawada, Ryu and Tanaka, Junichi",
    title = "{Event Classification with Quantum Machine Learning in High-Energy Physics}",
    eprint = "2002.09935",
    archivePrefix = "arXiv",
    primaryClass = "physics.comp-ph",
    doi = "10.1007/s41781-020-00047-7",
    journal = "Comput. Softw. Big Sci.",
    volume = "5",
    number = "1",
    pages = "2",
    year = "2021"
}

@article{Felser:2020mka,
    author = "Felser, Timo and Trenti, Marco and Sestini, Lorenzo and Gianelle, Alessio and Zuliani, Davide and Lucchesi, Donatella and Montangero, Simone",
    title = "{Quantum-inspired machine learning on high-energy physics data}",
    eprint = "2004.13747",
    archivePrefix = "arXiv",
    primaryClass = "stat.ML",
    doi = "10.1038/s41534-021-00443-w",
    journal = "npj Quantum Inf.",
    volume = "7",
    number = "1",
    pages = "111",
    year = "2021"
}

##### 2020 March #####
@article{Matchev:2020wwx,
    author = "Matchev, Konstantin T. and Shyamsundar, Prasanth and Smolinsky, Jordan",
    title = "{A quantum algorithm for model independent searches for new physics}",
    eprint = "2003.02181",
    archivePrefix = "arXiv",
    primaryClass = "hep-ph",
    month = "3",
    year = "2020"
}

##### 2019 August #####
@article{Zlokapa:2019lvv,
    author = "Zlokapa, Alexander and Mott, Alex and Job, Joshua and Vlimant, Jean-Roch and Lidar, Daniel and Spiropulu, Maria",
    title = "{Quantum adiabatic machine learning with zooming}",
    eprint = "1908.04480",
    doi="10.1103/PhysRevA.102.062405",
    archivePrefix = "arXiv",
    primaryClass = "quant-ph",
    month = "8",
    year = "2019"
}

@article{Wei:2019rqy,
    author = "Wei, Annie Y. and Naik, Preksha and Harrow, Aram W. and Thaler, Jesse",
    title = "{Quantum Algorithms for Jet Clustering}",
    eprint = "1908.08949",
    archivePrefix = "arXiv",
    primaryClass = "hep-ph",
    reportNumber = "MIT-CTP 5137",
    doi = "10.1103/PhysRevD.101.094015",
    journal = "Phys. Rev. D",
    volume = "101",
    number = "9",
    pages = "094015",
    year = "2020"
}

##### 2019 April #####
@article{Bauer:2019qxa,
    author = "Bauer, Christian W. and de Jong, Wibe A. and Nachman, Benjamin and Provasoli, Davide",
    title = "{Quantum Algorithm for High Energy Physics Simulations}",
    eprint = "1904.03196",
    archivePrefix = "arXiv",
    primaryClass = "hep-ph",
    doi = "10.1103/PhysRevLett.126.062001",
    journal = "Phys. Rev. Lett.",
    volume = "126",
    number = "6",
    pages = "062001",
    year = "2021"
}

##### 2019 March #####
@article{Das:2019hrw,
    author = "Das, Souvik and Wildridge, Andrew J. and Vaidya, Sachin B. and Jung, Andreas",
    title = "{Track clustering with a quantum annealer for primary vertex reconstruction at hadron colliders}",
    eprint = "1903.08879",
    archivePrefix = "arXiv",
    primaryClass = "hep-ex",
    month = "3",
    year = "2019"
}

##### 2019 February #####
@article{Bapst:2019llh,
    author = "Bapst, Fr\'ed\'eric and Bhimji, Wahid and Calafiura, Paolo and Gray, Heather and Lavrijsen, Wim and Linder, Lucy and Smith, Alex",
    title = "{A pattern recognition algorithm for quantum annealers}",
    eprint = "1902.08324",
    archivePrefix = "arXiv",
    primaryClass = "quant-ph",
    doi = "10.1007/s41781-019-0032-5",
    journal = "Comput. Softw. Big Sci.",
    volume = "4",
    number = "1",
    pages = "1",
    year = "2020"
}

##### 2018 November #####
@article{Yeter-Aydeniz:2018mix,
    author = "Yeter-Aydeniz, Kubra and Dumitrescu, Eugene F. and McCaskey, Alex J. and Bennink, Ryan S. and Pooser, Raphael C. and Siopsis, George",
    title = "{Scalar Quantum Field Theories as a Benchmark for Near-Term Quantum Computers}",
    eprint = "1811.12332",
    archivePrefix = "arXiv",
    primaryClass = "quant-ph",
    doi = "10.1103/PhysRevA.99.032306",
    journal = "Phys. Rev. A",
    volume = "99",
    number = "3",
    pages = "032306",
    year = "2019"
}

##### 2017 July #####
@article{Mott:2017xdb,
    author = "Mott, Alex and Job, Joshua and Vlimant, Jean Roch and Lidar, Daniel and Spiropulu, Maria",
    title = "{Solving a Higgs optimization problem with quantum annealing for machine learning}",
    doi = "10.1038/nature24047",
    journal = "Nature",
    volume = "550",
    number = "7676",
    pages = "375--379",
    year = "2017"
}

@misc{hepmllivingreview,
	Author = "{HEP ML Community}",
	title = "{A Living Review of Machine Learning for Particle Physics}",
	url={https://iml-wg.github.io/HEPML-LivingReview/}
}
