# HEPQIS PAPERS TO READ AND ADD TO REVIEW

